@online{activation-functions,
    author = {Siddharth Sharma, Simone Sharma, Anidhya Athaiya},
    title = "ACTIVATION FUNCTIONS IN NEURAL NETWORKS",
    url  = "https://www.ijeast.com/papers/310-316,Tesma412,IJEAST.pdf",
    volume = "4",
    number = "12",
    pages = "310--316",
    year = "2020"
}